%YAML 1.1
%TAG !u! tag:unity3d.com,2011:
--- !u!1 &4910750650029476805
GameObject:
  m_ObjectHideFlags: 0
  m_CorrespondingSourceObject: {fileID: 0}
  m_PrefabInstance: {fileID: 0}
  m_PrefabAsset: {fileID: 0}
  serializedVersion: 6
  m_Component:
  - component: {fileID: 1178478168024092468}
  - component: {fileID: 1062531012095097613}
  - component: {fileID: 8347619404121558826}
  - component: {fileID: 3365567252192423893}
  - component: {fileID: 7608008773089602059}
  - component: {fileID: 5758313864957017919}
  - component: {fileID: -7816396775356921573}
  - component: {fileID: 6504040529306472829}
  m_Layer: 0
  m_Name: maybay2d_0
  m_TagString: DestroySpaceCraft
  m_Icon: {fileID: 0}
  m_NavMeshLayer: 0
  m_StaticEditorFlags: 0
  m_IsActive: 1
--- !u!4 &1178478168024092468
Transform:
  m_ObjectHideFlags: 0
  m_CorrespondingSourceObject: {fileID: 0}
  m_PrefabInstance: {fileID: 0}
  m_PrefabAsset: {fileID: 0}
  m_GameObject: {fileID: 4910750650029476805}
  m_LocalRotation: {x: 0, y: 0, z: 0, w: 1}
  m_LocalPosition: {x: -0.1114, y: 0.0668, z: 0}
  m_LocalScale: {x: 0.13189483, y: 0.11160298, z: 1}
  m_ConstrainProportionsScale: 0
  m_Children:
  - {fileID: 2879788523169174113}
  m_Father: {fileID: 0}
  m_RootOrder: 0
  m_LocalEulerAnglesHint: {x: 0, y: 0, z: 0}
--- !u!212 &1062531012095097613
SpriteRenderer:
  m_ObjectHideFlags: 0
  m_CorrespondingSourceObject: {fileID: 0}
  m_PrefabInstance: {fileID: 0}
  m_PrefabAsset: {fileID: 0}
  m_GameObject: {fileID: 4910750650029476805}
  m_Enabled: 1
  m_CastShadows: 0
  m_ReceiveShadows: 0
  m_DynamicOccludee: 1
  m_StaticShadowCaster: 0
  m_MotionVectors: 1
  m_LightProbeUsage: 1
  m_ReflectionProbeUsage: 1
  m_RayTracingMode: 0
  m_RayTraceProcedural: 0
  m_RenderingLayerMask: 1
  m_RendererPriority: 0
  m_Materials:
  - {fileID: 10754, guid: 0000000000000000f000000000000000, type: 0}
  m_StaticBatchInfo:
    firstSubMesh: 0
    subMeshCount: 0
  m_StaticBatchRoot: {fileID: 0}
  m_ProbeAnchor: {fileID: 0}
  m_LightProbeVolumeOverride: {fileID: 0}
  m_ScaleInLightmap: 1
  m_ReceiveGI: 1
  m_PreserveUVs: 0
  m_IgnoreNormalsForChartDetection: 0
  m_ImportantGI: 0
  m_StitchLightmapSeams: 1
  m_SelectedEditorRenderState: 0
  m_MinimumChartSize: 4
  m_AutoUVMaxDistance: 0.5
  m_AutoUVMaxAngle: 89
  m_LightmapParameters: {fileID: 0}
  m_SortingLayerID: 0
  m_SortingLayer: 0
  m_SortingOrder: 1
  m_Sprite: {fileID: 3936397116807864851, guid: bc8d4fb8de043be4e9e0772f27d0ddf4, type: 3}
  m_Color: {r: 1, g: 1, b: 1, a: 1}
  m_FlipX: 0
  m_FlipY: 0
  m_DrawMode: 0
  m_Size: {x: 15.58, y: 15.17}
  m_AdaptiveModeThreshold: 0.5
  m_SpriteTileMode: 0
  m_WasSpriteAssigned: 1
  m_MaskInteraction: 0
  m_SpriteSortPoint: 0
--- !u!114 &8347619404121558826
MonoBehaviour:
  m_ObjectHideFlags: 0
  m_CorrespondingSourceObject: {fileID: 0}
  m_PrefabInstance: {fileID: 0}
  m_PrefabAsset: {fileID: 0}
  m_GameObject: {fileID: 4910750650029476805}
  m_Enabled: 1
  m_EditorHideFlags: 0
  m_Script: {fileID: 11500000, guid: 5f2593b7f3c7ce14fa36d1ad8314ee5d, type: 3}
  m_Name: 
  m_EditorClassIdentifier: 
  gun: {fileID: 2879788523169174113}
  ammo: {fileID: 5441681859871954998, guid: 9b70b74b6859b14468980d25a446e13e, type: 3}
  speed: 4.5
--- !u!50 &3365567252192423893
Rigidbody2D:
  serializedVersion: 4
  m_ObjectHideFlags: 0
  m_CorrespondingSourceObject: {fileID: 0}
  m_PrefabInstance: {fileID: 0}
  m_PrefabAsset: {fileID: 0}
  m_GameObject: {fileID: 4910750650029476805}
  m_BodyType: 1
  m_Simulated: 1
  m_UseFullKinematicContacts: 0
  m_UseAutoMass: 0
  m_Mass: 1
  m_LinearDrag: 0
  m_AngularDrag: 0.05
  m_GravityScale: 1
  m_Material: {fileID: 0}
  m_IncludeLayers:
    serializedVersion: 2
    m_Bits: 0
  m_ExcludeLayers:
    serializedVersion: 2
    m_Bits: 0
  m_Interpolate: 0
  m_SleepingMode: 1
  m_CollisionDetection: 0
  m_Constraints: 0
--- !u!68 &7608008773089602059
EdgeCollider2D:
  m_ObjectHideFlags: 0
  m_CorrespondingSourceObject: {fileID: 0}
  m_PrefabInstance: {fileID: 0}
  m_PrefabAsset: {fileID: 0}
  m_GameObject: {fileID: 4910750650029476805}
  m_Enabled: 1
  serializedVersion: 3
  m_Density: 1
  m_Material: {fileID: 0}
  m_IncludeLayers:
    serializedVersion: 2
    m_Bits: 0
  m_ExcludeLayers:
    serializedVersion: 2
    m_Bits: 0
  m_LayerOverridePriority: 0
  m_ForceSendLayers:
    serializedVersion: 2
    m_Bits: 4294967295
  m_ForceReceiveLayers:
    serializedVersion: 2
    m_Bits: 4294967295
  m_ContactCaptureLayers:
    serializedVersion: 2
    m_Bits: 4294967295
  m_CallbackLayers:
    serializedVersion: 2
    m_Bits: 4294967295
  m_IsTrigger: 1
  m_UsedByEffector: 0
  m_CompositeOperation: 0
  m_CompositeOrder: 0
  m_Offset: {x: 0, y: 0}
  m_EdgeRadius: 0
  m_Points:
  - {x: 1.3328801, y: 0.3661611}
  - {x: 1.5277783, y: 0.48672983}
  - {x: 1.6513332, y: 0.15150201}
  - {x: 1.5834109, y: -0.5739365}
  - {x: 1.771444, y: -0.7417644}
  - {x: 1.7258382, y: -1.0173709}
  - {x: 1.8684809, y: -0.87552667}
  - {x: 1.9133716, y: -1.114666}
  - {x: 2.1263652, y: -1.6175562}
  - {x: 2.2350485, y: -2.3197248}
  - {x: 2.4816966, y: -2.5970247}
  - {x: 2.4199328, y: -2.0038362}
  - {x: 2.5843563, y: -1.8686894}
  - {x: 3.0083854, y: -2.3731625}
  - {x: 3.3961036, y: -1.7021649}
  - {x: 3.3710032, y: -1.7743134}
  - {x: 3.4566927, y: -1.590207}
  - {x: 3.5619576, y: -2.0046234}
  - {x: 3.3990083, y: -2.7772195}
  - {x: 3.9210176, y: -3.4574785}
  - {x: 4.0119457, y: -3.7894385}
  - {x: 4.2421675, y: -4.0031314}
  - {x: 4.196557, y: -4.6414957}
  - {x: 4.224284, y: -4.7414393}
  - {x: 4.7417293, y: -4.318148}
  - {x: 5.5147305, y: -5.091663}
  - {x: 5.4023685, y: -5.243033}
  - {x: 5.5294876, y: -5.4090014}
  - {x: 5.7938857, y: -5.009395}
  - {x: 6.007048, y: -4.501326}
  - {x: 6.280227, y: -4.219792}
  - {x: 6.382522, y: -4.339298}
  - {x: 6.3978086, y: -4.982282}
  - {x: 6.461721, y: -5.1858363}
  - {x: 6.9038434, y: -4.0650744}
  - {x: 7.055514, y: -4.0707793}
  - {x: 7.085535, y: -4.6112123}
  - {x: 7.7240877, y: -2.7118344}
  - {x: 7.7645817, y: -4.2535934}
  - {x: 7.7017646, y: -5.5397944}
  - {x: 7.4537535, y: -6.8542805}
  - {x: 7.1392317, y: -6.191372}
  - {x: 6.2296863, y: -6.6331677}
  - {x: 5.6743903, y: -7.4800873}
  - {x: 5.2781415, y: -7.664211}
  - {x: 5.1722503, y: -6.9117713}
  - {x: 4.8089147, y: -6.8644824}
  - {x: 3.8384333, y: -6.0322404}
  - {x: 2.8362417, y: -6.996109}
  - {x: 2.3842494, y: -7.106976}
  - {x: 1.9108115, y: -7.435668}
  - {x: 2.4537566, y: -5.779717}
  - {x: 1.7970634, y: -5.432403}
  - {x: 1.57655, y: -7.26887}
  - {x: 1.2019299, y: -7.399113}
  - {x: 1.1171958, y: -5.4981623}
  - {x: 0.82164085, y: -5.9465303}
  - {x: 0.3516177, y: -6.775284}
  - {x: -0.10640347, y: -7.530536}
  - {x: -0.6127685, y: -6.5101414}
  - {x: -1.0663356, y: -5.6521177}
  - {x: -1.3034104, y: -7.2831674}
  - {x: -1.5938652, y: -6.4507275}
  - {x: -1.8163321, y: -5.736257}
  - {x: -2.586828, y: -5.850856}
  - {x: -1.7636863, y: -7.2869687}
  - {x: -1.8976568, y: -7.533049}
  - {x: -2.4705923, y: -6.725284}
  - {x: -2.598876, y: -7.0919266}
  - {x: -3.9395301, y: -5.8152986}
  - {x: -4.263456, y: -6.4152803}
  - {x: -5.2543354, y: -7.0262465}
  - {x: -5.3614593, y: -7.7153068}
  - {x: -5.7458754, y: -7.349269}
  - {x: -6.128803, y: -6.4642816}
  - {x: -7.1801405, y: -6.1876307}
  - {x: -7.3612666, y: -7.0388064}
  - {x: -7.6626883, y: -6.81759}
  - {x: -7.7704315, y: -4.1969843}
  - {x: -7.7590027, y: -2.6694565}
  - {x: -6.850424, y: -4.067871}
  - {x: -6.416429, y: -4.9894104}
  - {x: -6.270159, y: -4.179104}
  - {x: -5.902422, y: -4.5651164}
  - {x: -5.574104, y: -5.059375}
  - {x: -4.8070383, y: -4.357743}
  - {x: -4.3979497, y: -4.545934}
  - {x: -4.216136, y: -3.713637}
  - {x: -3.4696894, y: -2.9547005}
  - {x: -3.4666908, y: -1.5249443}
  - {x: -2.9746048, y: -2.3288498}
  - {x: -2.530054, y: -1.6279309}
  - {x: -1.6253239, y: -0.4769418}
  - {x: -1.7232025, y: 0.49132338}
  - {x: -1.3778834, y: 0.55796367}
  - {x: -1.3758894, y: 1.4568646}
  - {x: -1.7436168, y: 1.5178407}
  - {x: -1.4184325, y: 2.7422924}
  - {x: -0.5651448, y: 4.209286}
  - {x: -0.5588867, y: 5.4284015}
  - {x: -0.42574048, y: 5.935609}
  - {x: -0.3783687, y: 5.9566584}
  - {x: -0.40506276, y: 6.644838}
  - {x: -0.344513, y: 6.8067446}
  - {x: 0.004321702, y: 7.132678}
  - {x: 0.39311522, y: 6.1703153}
  - {x: 0.6311196, y: 4.176829}
  - {x: 1.7125303, y: 1.691022}
  - {x: 1.3045554, y: 1.441905}
  - {x: 1.3530196, y: 0.39709508}
  m_AdjacentStartPoint: {x: 0, y: 0}
  m_AdjacentEndPoint: {x: 0, y: 0}
  m_UseAdjacentStartPoint: 0
  m_UseAdjacentEndPoint: 0
--- !u!114 &5758313864957017919
MonoBehaviour:
  m_ObjectHideFlags: 0
  m_CorrespondingSourceObject: {fileID: 0}
  m_PrefabInstance: {fileID: 0}
  m_PrefabAsset: {fileID: 0}
  m_GameObject: {fileID: 4910750650029476805}
  m_Enabled: 1
  m_EditorHideFlags: 0
  m_Script: {fileID: 11500000, guid: 6a42622f4bd794a4aa5adc698295b059, type: 3}
  m_Name: 
  m_EditorClassIdentifier: 
  CanvasObject: {fileID: 0}
  explode: {fileID: 4319746205127874909, guid: 9596af489c9b6f4459714b11d28654e3, type: 3}
  TruMau: {fileID: 9039636855194511363, guid: a736a5d19f6bddc4ab1afac8185d2b9b, type: 3}
--- !u!114 &-7816396775356921573
MonoBehaviour:
  m_ObjectHideFlags: 0
  m_CorrespondingSourceObject: {fileID: 0}
  m_PrefabInstance: {fileID: 0}
  m_PrefabAsset: {fileID: 0}
  m_GameObject: {fileID: 4910750650029476805}
  m_Enabled: 1
  m_EditorHideFlags: 0
  m_Script: {fileID: 11500000, guid: fa3692955fbf10443ad666b8bbd5d433, type: 3}
  m_Name: 
  m_EditorClassIdentifier: 
  Explosion: {fileID: 4319746205127874909, guid: 9596af489c9b6f4459714b11d28654e3, type: 3}
--- !u!114 &6504040529306472829
MonoBehaviour:
  m_ObjectHideFlags: 0
  m_CorrespondingSourceObject: {fileID: 0}
  m_PrefabInstance: {fileID: 0}
  m_PrefabAsset: {fileID: 0}
  m_GameObject: {fileID: 4910750650029476805}
  m_Enabled: 1
  m_EditorHideFlags: 0
  m_Script: {fileID: 11500000, guid: ff91184b985d61249a249b7ad489557d, type: 3}
  m_Name: 
  m_EditorClassIdentifier: 
  speed: 5
  tiltAngle: 50
  rb: {fileID: 3365567252192423893}
--- !u!1 &5238088651069708559
GameObject:
  m_ObjectHideFlags: 0
  m_CorrespondingSourceObject: {fileID: 0}
  m_PrefabInstance: {fileID: 0}
  m_PrefabAsset: {fileID: 0}
  serializedVersion: 6
  m_Component:
  - component: {fileID: 2879788523169174113}
  m_Layer: 0
  m_Name: Gun
  m_TagString: Untagged
  m_Icon: {fileID: 0}
  m_NavMeshLayer: 0
  m_StaticEditorFlags: 0
  m_IsActive: 1
--- !u!4 &2879788523169174113
Transform:
  m_ObjectHideFlags: 0
  m_CorrespondingSourceObject: {fileID: 0}
  m_PrefabInstance: {fileID: 0}
  m_PrefabAsset: {fileID: 0}
  m_GameObject: {fileID: 5238088651069708559}
  m_LocalRotation: {x: 0, y: 0, z: 0, w: 1}
  m_LocalPosition: {x: 0, y: 7.64, z: 0}
  m_LocalScale: {x: 1.1679, y: 2.667096, z: 1.1679}
  m_ConstrainProportionsScale: 0
  m_Children: []
  m_Father: {fileID: 1178478168024092468}
  m_RootOrder: -1
  m_LocalEulerAnglesHint: {x: 0, y: 0, z: 0}
